# add the needed references here